<record><leader>00000cas a22000007a 4500</leader><controlfield tag="001">11776671</controlfield><controlfield tag="008">850307d19191979mtuwr ne      0    0eng d</controlfield><datafield ind1=" " ind2=" " tag="010"><subfield code="a">sn 85053060 </subfield></datafield><datafield ind1=" " ind2=" " tag="040"><subfield code="a">MTL</subfield><subfield code="b">eng</subfield><subfield code="c">MTL</subfield><subfield code="d">OCLCQ</subfield></datafield><datafield ind1=" " ind2=" " tag="042"><subfield code="a">msc</subfield></datafield><datafield ind1="0" ind2=" " tag="130"><subfield code="a">Columbus news (Columbus, Mont. : 1919)</subfield></datafield><datafield ind1="1" ind2="4" tag="245"><subfield code="a">The Columbus news.</subfield></datafield><datafield ind1=" " ind2=" " tag="260"><subfield code="a">Columbus, Mont. :</subfield><subfield code="b">Columbus News-Democrat Print. Co.,</subfield><subfield code="c">1919-1979.</subfield></datafield><datafield ind1=" " ind2=" " tag="300"><subfield code="a">62 v. :</subfield><subfield code="b">ill. ;</subfield><subfield code="c">45-57 cm.</subfield></datafield><datafield ind1=" " ind2=" " tag="310"><subfield code="a">Weekly</subfield></datafield><datafield ind1="0" ind2=" " tag="362"><subfield code="a">Vol. 18, no. 11 (Sept. 25, 1919)-v. 79, no. 36 (Sept. 6, 1979).</subfield></datafield><datafield ind1=" " ind2=" " tag="500"><subfield code="a">"Independent." Cf. Montana newspaper directories, 1922-1936.</subfield></datafield><datafield ind1=" " ind2=" " tag="500"><subfield code="a">"Official paper of Stillwater County and Town of Columbus," June 4, 1931-Nov. 13, 1975.</subfield></datafield><datafield ind1=" " ind2=" " tag="752"><subfield code="a">United States</subfield><subfield code="b">Montana</subfield><subfield code="c">Stillwater</subfield><subfield code="d">Columbus.</subfield></datafield><datafield ind1="0" ind2="0" tag="780"><subfield code="t">Columbus news-Democrat</subfield><subfield code="w">(DLC)sn 85053052</subfield></datafield><datafield ind1="0" ind2="0" tag="785"><subfield code="t">Stillwater County citizen</subfield><subfield code="w">(DLC)sn 85053061</subfield></datafield><datafield ind1="1" ind2=" " tag="029"><subfield code="a">AU@</subfield><subfield code="b">000025791434</subfield></datafield></record>